<?xml version="1.0" encoding="UTF-8"?><record xmlns="http://www.loc.gov/MARC21/slim" xmlns:cinclude="http://apache.org/cocoon/include/1.0" xmlns:zs="http://www.loc.gov/zing/srw/">
  <leader>00468nz  a2200145n  4500</leader>
  <controlfield tag="001">no2010180783</controlfield>
  <controlfield tag="003">DLC</controlfield>
  <controlfield tag="005">20101115134722.0</controlfield>
  <controlfield tag="008">101105n| acannaabn          |n aaa     c</controlfield>
  <datafield tag="010" ind1=" " ind2=" ">
    <subfield code="a">no2010180783</subfield>
  </datafield>
  <datafield tag="035" ind1=" " ind2=" ">
    <subfield code="a">(OCoLC)oca08680554</subfield>
  </datafield>
  <datafield tag="040" ind1=" " ind2=" ">
    <subfield code="a">IlMchBWI</subfield>
    <subfield code="b">eng</subfield>
    <subfield code="c">IlMchBWI</subfield>
  </datafield>
  <datafield tag="100" ind1="1" ind2=" ">
    <subfield code="a">Gardner, Shannon</subfield>
  </datafield>
  <datafield tag="670" ind1=" " ind2=" ">
    <subfield code="a">Once fallen [VR], c2010</subfield>
    <subfield code="b">(Shannon Gardner; producer)</subfield>
  </datafield>
  <datafield tag="670" ind1=" " ind2=" ">
    <subfield code="a">IMDb, Nov. 5, 2010</subfield>
    <subfield code="b">(Shannon Gardner ; Originally from Scottsdale, Arizona ; Shannon B. Gardner)</subfield>
  </datafield>
</record>